@InProceedings{Rusu_ICRA2011_PCL,
  author    = {Radu Bogdan Rusu and Steve Cousins},
  title     = {{3D is here: Point Cloud Library (PCL)}},
  booktitle = {{IEEE International Conference on Robotics and Automation (ICRA)}},
  month     = {May 9-13},
  year      = {2011},
  address   = {Shanghai, China}
}

@PhDThesis{RusuDoctoralDissertation,
  author = {Radu Bogdan Rusu},
  title = {Semantic 3D Object Maps for Everyday Manipulation in Human Living Environments},
  school = {Computer Science department, Technische Universitaet Muenchen, Germany},
  year = {2009},
  month = {October}
}

@article{lowe2004distinctive,
  title={Distinctive image features from scale-invariant keypoints},
  author={Lowe, David G},
  journal={International journal of computer vision},
  volume={60},
  number={2},
  pages={91--110},
  year={2004},
  publisher={Springer}
}

@inproceedings{harris1988combined,
  title={A combined corner and edge detector.},
  author={Harris, Chris and Stephens, Mike},
  booktitle={Alvey vision conference},
  volume={15},
  number={50},
  pages={10--5244},
  year={1988},
  organization={Citeseer}
}

@inproceedings{rusu2008pfh,
  title={Aligning point cloud views using persistent feature histograms},
  author={Rusu, Radu Bogdan and Blodow, Nico and Marton, Zoltan Csaba and Beetz, Michael},
  booktitle={Intelligent Robots and Systems, 2008. IROS 2008. IEEE/RSJ International Conference on},
  pages={3384--3391},
  year={2008},
  organization={IEEE}
}

@PhDThesis{YasirThesis,
  author = {Ali, Yasir Salih Osman},
  title = {Development of Point Cloud Descriptors for Robust 3D Recognition},
  school = {Universiti Teknologi Petronas},
  year = {2015},
  month = {August},
}

@inproceedings{rusu2009fpfh,
  title={Fast point feature histograms (FPFH) for 3D registration},
  author={Rusu, Radu Bogdan and Blodow, Nico and Beetz, Michael},
  booktitle={Robotics and Automation, 2009. ICRA'09. IEEE International Conference on},
  pages={3212--3217},
  year={2009},
  organization={IEEE}
}

@inproceedings{tombari2011shot,
  title={A combined texture-shape descriptor for enhanced 3D feature matching},
  author={Tombari, Federico and Salti, Samuele and Di Stefano, Luigi},
  booktitle={Image Processing (ICIP), 2011 18th IEEE International Conference on},
  pages={809--812},
  year={2011},
  organization={IEEE}
}

@inproceedings{marton2010rsd,
  title={General 3D modelling of novel objects from a single view},
  author={Marton, Zoltan-Csaba and Pangercic, Dejan and Blodow, Nico and Kleinehellefort, Jonathan and Beetz, Michael},
  booktitle={Intelligent Robots and Systems (IROS), 2010 IEEE/RSJ International Conference on},
  pages={3700--3705},
  year={2010},
  organization={IEEE}
}

@inproceedings{frome2004sc3d,
  title={Recognizing objects in range data using regional point descriptors},
  author={Frome, Andrea and Huber, Daniel and Kolluri, Ravi and B{\"u}low, Thomas and Malik, Jitendra},
  booktitle={European conference on computer vision},
  pages={224--237},
  year={2004},
  organization={Springer}
}

@article{fischler1981ransac,
  title={Random sample consensus: a paradigm for model fitting with applications to image analysis and automated cartography},
  author={Fischler, Martin A and Bolles, Robert C},
  journal={Communications of the ACM},
  volume={24},
  number={6},
  pages={381--395},
  year={1981},
  publisher={ACM}
}

@article{muja2009flann,
  title={Fast approximate nearest neighbors with automatic algorithm configuration.},
  author={Muja, Marius and Lowe, David G},
  journal={VISAPP (1)},
  volume={2},
  number={331-340},
  pages={2},
  year={2009}
}

@article{muja2014flann,
  title={Scalable nearest neighbor algorithms for high dimensional data},
  author={Muja, Marius and Lowe, David G},
  journal={IEEE transactions on pattern analysis and machine intelligence},
  volume={36},
  number={11},
  pages={2227--2240},
  year={2014},
  publisher={IEEE}
}

@article{golub1970svd,
  title={Singular value decomposition and least squares solutions},
  author={Golub, Gene H and Reinsch, Christian},
  journal={Numerische mathematik},
  volume={14},
  number={5},
  pages={403--420},
  year={1970},
  publisher={Springer}
}

@incollection{more1978levmarq,
  title={The Levenberg-Marquardt algorithm: implementation and theory},
  author={Mor{\'e}, Jorge J},
  booktitle={Numerical analysis},
  pages={105--116},
  year={1978},
  publisher={Springer}
}

@inproceedings{besl1992icp,
  title={Method for registration of 3-D shapes},
  author={Besl, Paul J and McKay, Neil D},
  booktitle={Sensor Fusion IV: Control Paradigms and Data Structures},
  volume={1611},
  pages={586--607},
  year={1992},
  organization={International Society for Optics and Photonics}
}

@article{pomerleau2015reviewregistration,
  title={A review of point cloud registration algorithms for mobile robotics},
  author={Pomerleau, Fran{\c{c}}ois and Colas, Francis and Siegwart, Roland and others},
  journal={Foundations and Trends{\textregistered} in Robotics},
  volume={4},
  number={1},
  pages={1--104},
  year={2015},
  publisher={Now Publishers, Inc.}
}

@article{grisetti2010tutorial,
  title={A tutorial on graph-based SLAM},
  author={Grisetti, Giorgio and Kummerle, Rainer and Stachniss, Cyrill and Burgard, Wolfram},
  journal={IEEE Intelligent Transportation Systems Magazine},
  volume={2},
  number={4},
  pages={31--43},
  year={2010},
  publisher={IEEE}
}

@inproceedings{kummerle2011g2o,
  title={g 2 o: A general framework for graph optimization},
  author={K{\"u}mmerle, Rainer and Grisetti, Giorgio and Strasdat, Hauke and Konolige, Kurt and Burgard, Wolfram},
  booktitle={Robotics and Automation (ICRA), 2011 IEEE International Conference on},
  pages={3607--3613},
  year={2011},
  organization={IEEE}
}

@inproceedings{grisetti2007toro,
  title={A Tree Parameterization for Efficiently Computing Maximum Likelihood Maps using Gradient Descent.},
  author={Grisetti, Giorgio and Stachniss, Cyrill and Grzonka, Slawomir and Burgard, Wolfram},
  booktitle={Robotics: Science and Systems},
  volume={3},
  pages={9},
  year={2007}
}

@book{fletcher2013practical,
  title={Practical methods of optimization},
  author={Fletcher, Roger},
  year={2013},
  publisher={John Wiley \& Sons}
}

@article{brown2007automatic,
  title={Automatic panoramic image stitching using invariant features},
  author={Brown, Matthew and Lowe, David G},
  journal={International journal of computer vision},
  volume={74},
  number={1},
  pages={59--73},
  year={2007},
  publisher={Springer}
}
